@inproceedings{dwork2015robust,
	title={Robust traceability from trace amounts},
	author={Dwork, Cynthia and Smith, Adam and Steinke, Thomas and Ullman, Jonathan and Vadhan, Salil},
	booktitle={2015 IEEE 56th Annual Symposium on Foundations of Computer Science},
	pages={650--669},
	year={2015},
	organization={IEEE}
}
@misc{OpenDPMIA,
	title = {{OpenDP}},
	howpublished = {\url{https://docs.opendp.org/en/stable/examples/attacks/membership.html}},
	note = {Accessed: 2023-12-14}
}